
@phdthesis{desmarais,
  title={Error Correcting Codes in Post-Quantum Cryptography},
  author={Desmarais, John-Marc},
  year={2020},
  school={Carleton University}
}
@online{ANSSI,
       author={NIST},
        url={https://www.ssi.gouv.fr/actualite/selection-par-le-nist-de-futurs-standards-en-cryptographie-post-quantique/}

}
@article{Bernstein,
  title={Classic McEliece: conservative code-based cryptography 30 March 2019},
  author={Bernstein, Daniel J and Chou, Tung and Lange, Tanja and Misoczki, Rafael and Niederhagen, Ruben and Persichetti, Edoardo and Schwabe, Peter and Szefer, Jakub and Wang, Wen},
  year={2019}
}

@inproceedings{Daniel,
  title={McBits: fast constant-time code-based cryptography},
  author={Bernstein, Daniel J and Chou, Tung and Schwabe, Peter},
  booktitle={Cryptographic Hardware and Embedded Systems-CHES 2013: 15th International Workshop, Santa Barbara, CA, USA, August 20-23, 2013. Proceedings 15},
  pages={250--272},
  year={2013},
  organization={Springer}
}

@article{prange62,
  title={The use of information sets in decoding cyclic codes},
  author={Prange, Eugene},
  journal={IRE Transactions on Information Theory},
  volume={8},
  number={5},
  pages={5--9},
  year={1962},
  publisher={IEEE}
}

@inproceedings{DJBernstein,
  title={Grover vs. mceliece},
  author={Bernstein, Daniel J},
  booktitle={Post-Quantum Cryptography: Third International Workshop, PQCrypto 2010, Darmstadt, Germany, May 25-28, 2010. Proceedings 3},
  pages={73--80},
  year={2010},
  organization={Springer}
}

@phdthesis{Ibra,
  title={LA Théorie des codes correcteurs d'erreurs},
  author={Ibrahima MBAYE},
  timestamp={18/7/2009},
  school={Université Cheikh Anta DIOP de Dakar}
           }

@article{gallager1963,
  title={Low density parity check codes m. 1},
  author={Gallager, RG},
  journal={Cambridge: M},
  volume={1},
  pages={1--73},
  year={1963}
} 

@inproceedings{misoczki13,
  title={MDPC-McEliece: New McEliece variants from moderate density parity-check codes},
  author={Misoczki, Rafael and Tillich, Jean-Pierre and Sendrier, Nicolas and Barreto, Paulo SLM},
  booktitle={2013 IEEE international symposium on information theory},
  pages={2069--2073},
  year={2013},
  organization={IEEE}
}

@article{aragonbike,
  title={BIKE: Bit Flipping Key Encapsulation Round 3 Submission},
  author={Aragon, Nicolas and Barreto, PSLM and Bettaieb, Slim and Bidoux, Lo{\"\i}c and Blazy, Olivier and Deneuville, Jean-Christophe and Gaborit, Philippe and Gueron, Shay and G{\"u}neysu, Tim and Melchor, Carlos Aguilar and others},
  journal={NIST Post-Quantum Cryptography Standardization Process},
  year={2020}
}

@misc{aragon20,
  title={BIKE website},
  author={Aragon, Nicolas and Barreto, PSLM and Bettaieb, Slim and Bidoux, Lo{\"\i}c and Blazy, Olivier and Deneuville, Jean-Christophe and Gaborit, Philippe and Gueron, Shay and G{\"u}neysu, Tim and Melchor, Carlos Aguilar and others},
  year={2020},
  publisher={Accessed: Mar}
}

@article{druckergueron2020,
  title={Fast polynomial inversion for post quantum QC-MDPC cryptography},
  author={Drucker, Nir and Gueron, Shay and Kostic, Dusan},
  journal={Information and Computation},
  volume={281},
  pages={104799},
  year={2021},
  publisher={Elsevier}
}

@article{itoh88,
  title={A fast algorithm for computing multiplicative inverses in GF (2m) using normal bases},
  author={Itoh, Toshiya and Tsujii, Shigeo},
  journal={Information and computation},
  volume={78},
  number={3},
  pages={171--177},
  year={1988},
  publisher={Elsevier}
}
@inproceedings{drucker2019,
  title={QC-MDPC decoders with several shades of gray},
  author={Drucker, Nir and Gueron, Shay and Kostic, Dusan},
  booktitle={International Conference on Post-Quantum Cryptography},
  pages={35--50},
  year={2020},
  organization={Springer}
}
@article{aragon,
  title={BIKE: Bit Flipping Key Encapsulation Round 3 Submission},
  author={Aragon, Nicolas and Barreto, PSLM and Bettaieb, Slim and Bidoux, Lo{\"\i}c and Blazy, Olivier and Deneuville, Jean-Christophe and Gaborit, Philippe and Gueron, Shay and G{\"u}neysu, Tim and Melchor, Carlos Aguilar and others},
  journal={NIST Post-Quantum Cryptography Standardization Process},
  year={2020},
url={ https://bikesuite.org/files/v4}
} 
@phdthesis{chaulet2017,
  title={{\'E}tude de cryptosyst{\`e}mes {\`a} cl{\'e} publique bas{\'e}s sur les codes MDPC quasi-cycliques},
  author={Chaulet, Julia},
  year={2017},
  school={Paris 6}

}
@article{aragon2020,
  title={BIKE: bit flipping key encapsulation},
  author={Aragon, Nicolas and Barreto, Paulo SLM and Bettaieb, Slim and Bidoux, Loic and Blazy, Olivier and Deneuville, Jean-Christophe and Gaborit, Philippe and Gueron, Shay and Guneysu, Tim and Melchor, Carlos Aguilar and others},
  year={2017},
url={https://bikesuite.org/}
}

@article{drucker2019,
  title={On constant-time QC-MDPC decoding with negligible failure rate},
  author={Drucker, Nir and Gueron, Shay and Kostic, Dusan},
  journal={Cryptology ePrint Archive},
  year={2019}
}

@article{londahl2016,
  title={Squaring attacks on McEliece public-key cryptosystems using quasi-cyclic codes of even dimension},
  author={L{\"o}ndahl, Carl and Johansson, Thomas and Koochak Shooshtari, Masoumeh and Ahmadian-Attari, Mahmoud and Aref, Mohammad Reza},
  journal={Designs, Codes and Cryptography},
  volume={80},
  pages={359--377},
  year={2016},
  publisher={Springer}
}

@book{baldi2014,
  title={QC-LDPC code-based cryptography},
  author={Baldi, Marco},
  year={2014},
  publisher={Springer Science - Business}
}

@article{berlekamp1978,
  title={On the inherent intractability of certain coding problems (corresp.)},
  author={Berlekamp, Elwyn and McEliece, Robert and Van Tilborg, Henk},
  journal={IEEE Transactions on Information Theory},
  volume={24},
  number={3},
  pages={384--386},
  year={1978},
  publisher={IEEE}
}

@article{Shannon,
  title={A mathematical theory of communication},
  author={Shannon, Claude Elwood},
  journal={The Bell system technical journal},
  volume={27},
  number={3},
  pages={379--423},
  year={1948},
  publisher={Nokia Bell Labs}
}
@article{melchor2020,
  title={Hamming quasi-cyclic (HQC)},
  author={Melchor, Carlos Aguilar and Aragon, Nicolas and Bettaieb, Slim and Bidoux, Lo{\i}c and Blazy, Olivier and Deneuville, Jean-Christophe and Gaborit, Philippe and Persichetti, Edoardo and Z{\'e}mor, Gilles and Bourges, IC},
  journal={NIST PQC Round},
  volume={2},
  number={4},
  pages={13},
  year={2018}
}

@phdthesis{overback2020,
  title={Public key cryptography based on coding theory},
  author={Overbeck, Raphael},
  year={2007},
  school={Technische Universit{\"a}t}
}

@phdthesis{Ndollane,
  title={Thèse de Doctorat unique,Schéma d'identification et Mécanisme d'encapsulation de clé},
  author={Gilbert N. Dione},
  year={2020},
  school={Université Cheikh Anta DIOP de Dakar}
}

@inproceedings{Belestr5,
  title={Syndrome decoding estimator},
  author={Esser, Andre and Bellini, Emanuele},
  booktitle={IACR International Conference on Public-Key Cryptography},
  pages={112--141},
  year={2022},
  organization={Springer}
}

@inproceedings{Bergrover3,
  title={Grover vs. mceliece},
  author={Bernstein, Daniel J},
  booktitle={Post-Quantum Cryptography: Third International Workshop, PQCrypto 2010, Darmstadt, Germany, May 25-28, 2010. Proceedings 3},
  pages={73--80},
  year={2010},
  organization={Springer}
}


@article{Narisada15,
  title={Multi-Parallel MMT Algorithm for Solving High-Dimensional SDP},
  author={S. Narisada K. Fukushima S. Kiyomoto},
  year={2022},
  organization={The 2022 Symposium on Cryptography and Information Security SCIS2022, 4A2-1, 2022}
}

@inproceedings{Perriello18,
               title={A complete quantum circuit to solve the information set decoding problem},
             author={Perriello, Simone and Barenghi, Alessandro and Pelosi, Gerardo},
  booktitle={2021 IEEE International Conference on Quantum Computing and Engineering (QCE)},
  pages={366--377},
  year={2021},
  organization={IEEE}
}

@inproceedings{Essramos6,
  title={Hybrid Decoding--Classical-Quantum Trade-Offs for Information Set Decoding},
  author={Esser, Andre and Ramos-Calderer, Sergi and Bellini, Emanuele and Latorre, Jos{\'e} I and Manzano, Marc},
  booktitle={International Conference on Post-Quantum Cryptography},
  pages={3--23},
  year={2022},
  organization={Springer}
}

@inproceedings{Mmt11,
  title={Decoding random linear codes in},
  author={May, Alexander and Meurer, Alexander and Thomae, Enrico},
  booktitle={International Conference on the Theory and Application of Cryptology and Information Security},
  pages={107--124},
  year={2011},
  organization={Springer}
}

@inproceedings{Bjmm2,
  title={Decoding random binary linear codes in 2 n/20: How 1+ 1= 0 improves information set decoding},
  author={Becker, Anja and Joux, Antoine and May, Alexander and Meurer, Alexander},
  booktitle={Advances in Cryptology--EUROCRYPT 2012: 31st Annual International Conference on the Theory and Applications of Cryptographic Techniques, Cambridge, UK, April 15-19, 2012. Proceedings 31},
  pages={520--536},
  year={2012},
  organization={Springer}
}

@inproceedings{Leebr10,
  title={An observation on the security of McEliece’s public-key cryptosystem},
  author={Lee, Pil Joong and Brickell, Ernest F},
  booktitle={Workshop on the Theory and Application of of Cryptographic Techniques},
  pages={275--280},
  year={1988},
  organization={Springer}
}

@inproceedings{Kati9,
  title={Quantum information set decoding algorithms},
  author={Kachigar, Ghazal and Tillich, Jean-Pierre},
  booktitle={International Workshop on Post-Quantum Cryptography},
  pages={69--89},
  year={2017},
  organization={Springer}
}

@article{Prange23,
  title={The use of information sets in decoding cyclic codes},
  author={Prange, Eugene},
  journal={IRE Transactions on Information Theory},
  volume={8},
  number={5},
  pages={5--9},
  year={1962},
  publisher={IEEE}
}

@inproceedings{Dumer11,
  title={On minimum distance decoding of linear codes},
  author={Dumer, Ilya},
  booktitle={Proc. 5th Joint Soviet-Swedish Int. Workshop Inform. Theory},
  pages={50--52},
  year={1991},
  organization={Moscow}
}
@inproceedings{Bernstein6,
  title={Quantum algorithms for the subset-sum problem},
  author={Bernstein, Daniel J and Jeffery, Stacey and Lange, Tanja and Meurer, Alexander},
  booktitle={Post-Quantum Cryptography: 5th International Workshop, PQCrypto 2013, Limoges, France, June 4-7, 2013. Proceedings 5},
  pages={16--33},
  year={2013},
  organization={Springer}
}

@inproceedings{Mo19,
  title={On computing nearest neighbors with applications to decoding of binary linear codes},
  author={May, Alexander and Ozerov, Ilya},
  booktitle={Annual International Conference on the Theory and Applications of Cryptographic Techniques},
  pages={203--228},
  year={2015},
  organization={Springer}
}
@incollection{Over22,
  title={Code-based cryptography},
  author={Overbeck, Raphael and Sendrier, Nicolas},
  booktitle={Post-quantum cryptography},
  pages={95--145},
  year={2009},
  publisher={Springer}
}

@phdthesis{Ghazal,
  title={Etude et conception d'algorithmes quantiques pour le decodage de codes lineaires},
  author={Kachigar, Ghazal},
  year={2016},
  school={Université de Rennes 1 France}
}
@online{ama,
    title={Qu est-ce-que l'informatique quantique},
    publisher={Amazon},
    url={https://aws.amazon.com},
     year={2023}
   
}


@inproceedings{Berst5,
  title={Grover vs mceliece},
  author={Bernstein  Daniel J},
  booktitle={Post-Quantum Cryptography: Third International Workshop, PQCrypto 2010, Darmstadt, Germany, May 25-28, 2010. Proceedings 3},
  pages={73--80},
  year={2010},
  organization={Springer}
}
@phdthesis{misoczki2013two,
  title={Two Approaches for Achieving Efficient Code-Based Cryptosystems},
  author={Misoczki  Rafael},
  year={2013},
  school={ Sorbonne University},
  organization={Inria informatics mathématics}
}

@online{Arnaud,
Author={Arnaud Bodin},
Title={un peu de mathématique pour l'informatique quantime},
url={http://exo7.emath.fr/cours/livre-quantum.pdf},
Volume={229},
year={2021},
pages={31--47}

}

@article{ Grenet,
 Author={Bruno Grene},
Title={Introduction aux algorithmes probabilistes},
year={2018}
}
@article{McEliece2,
  title={A public-key cryptosystem based on algebraic},
  author={McEliece, Robert J},
  journal={Coding Thv},
  volume={4244},
  pages={114--116},
  year={1978}
}
































